@misc{ibm,
  title = {ps Command},
  url = {https://www.ibm.com/docs/en/aix/7.3?topic=p-ps-command#ps__row-d3e111723},
  journal = {ibm}
}
