@misc{lista_linux,
  title =        {Lista de Verificación de refuerzo de seguridad de
                  linux},
  url =          {https://es.linux-console.net/?p=14823},
  author =       {unknown, unknown}
}

@misc{Alex_2021,
  title =        {Lista de Verificación de Refuerzo del Servidor
                  Windows IIS},
  url =
                  {https://kryptonsolid.com/lista-de-verificacion-de-refuerzo-del-servidor-windows-iis/},
  journal =      {Krypton Solid},
  author =       {Alex},
  year =         2021,
  month =        {Dec}
}
