@misc{banos_2023,
  title =        {Qué es un contrato de software},
  url =          {https://letslaw.es/contrato-de-software/},
  journal =      {LetsLaw},
  author =       {Baños, José},
  year =         2023,
  month =        {Sep}
}
