@misc{OpenBSD_uname,
  title =        {uname(1) - OpenBSD manual pages},
  url =          {https://man.openbsd.org/uname},
  journal =      {uname(1) - OpenBSD manual pages}
}

@misc{linux_whoami,
  title =        {Whoami(1) - linux manual page},
  url =          {https://man7.org/linux/man-pages/man1/whoami.1.html},
  journal =      {Whoami(1) - linux manual page}
}

@misc{linux_mkdir,
  title =        {mkdir(1) - linux manual page},
  url =          {https://man7.org/linux/man-pages/man1/mkdir.1.html},
  journal =      {mkdir(1) - linux manual page}
}

@misc{TecAdmin_2023,
  title =        {How to Create a Directory If It Does Not Exist in Linux},
  url =          {https://tecadmin.net/create-directory-if-not-exist-in-linux/#:~:text=Using%20the%20’mkdir’%20Command%20with,necessary%20parent%20directories%20as%20well.},
  journal =      {TecAdmin},
  year =         2023,
  month =        {Mar}
}

@misc{AskUbuntu_2017,
  title =        {Listing files in directory in one column},
  url =          {https://askubuntu.com/questions/954924/listing-files-in-directory-in-one-column},
  journal =      {Ask Ubuntu},
  year =         2017,
  month =        {Sep}
}
