@misc{Stallings,
  title =        {Fundamentos de Seguridad en redes: Aplicaciones y
                  estndares},
  url =
                  {https://books.google.com/books/about/Fundamentos_De_Seguridad_En_Redes.html?id=w53-twEACAAJ},
  journal =      {Google Books},
  publisher =    {Pearson Educacin de Mxico, SA de CV},
  author =       {Stallings, William}
}
