@misc{sanchez_2022,
  title =        {¿Qué es el diseño web? Definición, usos y ejemplos:
                  La teva web},
  url =          {https://www.latevaweb.com/que-es-diseno-web},
  journal =      {Diseño web Barcelona},
  publisher =    {La Teva Web, Diseño web Barcelona},
  author =       {Sánchez , Francesc},
  year =         2022,
  month =        {Jun}
}

@misc{pallerols_2022,
  title =        {Haz Tu web responsive design Y Adáptala a todas las
                  plataformas},
  url =
                  {https://www.iebschool.com/blog/que-es-responsive-web-design-analitica-usabilidad/#:~:text=El%20Responsive%20Design%20o%20dise%C3%B1o,las%20resoluciones%20de%20pantalla%20existentes.},
  journal =      {Thinking for Innovation},
  author =       {Pallerols, Xavier Martí},
  year =         2022,
  month =        {Nov}
}

@misc{Dias_Dourado_2021,
  title =        {Diseño web: ¿Qué es y cuáles son sus
                  características?},
  url =          {https://rockcontent.com/es/blog/diseno-web/},
  journal =      {Rock Content - ES},
  author =       {Dias, Luana and Dourado, Bruna},
  year =         2021,
  month =        {Feb}
}
