@misc{linux_ls,
  title =        {ls(1) - linux manual page},
  url =          {https://man7.org/linux/man-pages/man1/ls.1.html},
  journal =      {ls(1) - Linux manual page}
}

@misc{linux_chmod,
  title =        {chmod(1) - linux manual page},
  url =          {https://man7.org/linux/man-pages/man1/chmod.1.html},
  journal =      {chmod(1) - Linux manual page}
}

@misc{linux_wc,
title = {wc(1) - Linux manual page},
  url =          {https://man7.org/linux/man-pages/man1/wc.1.html},
  journal =      {wc(1) - Linux manual page}
}


@misc{linux_cat,
title={cat(1) - Linux manual page},
url={https://man7.org/linux/man-pages/man1/cat.1.html},
journal={cat(1) - Linux manual page}
}
