@misc{cloudflare_2023,
  url =
                  {https://www.cloudflare.com/es-es/learning/dns/glossary/what-is-a-domain-name/},
  journal =      {cloudflare},
  publisher =    {cloudflare},
  year =         2023,
  month =        {Nov}
}
