@misc{StackExchange,
  title =        {How do I use cut to separate by multiple
                  whitespace?},
  url =          {https://unix.stackexchange.com/a/340069},
  journal =      {Unix &amp; Linux Stack Exchange},
  year =         2014,
  month =        {May}
}

@misc{A2022,
  title =        {/etc/passwd, ¿Qué es este archivo y para que sirve?},
  url =          {https://ubunlog.com/etc-passwd/#:~:text=En%20el%20archivo%20%2Fetc%2Fpasswd,sesi%C3%B3n%20correspondiente%20de%20forma%20correcta.},
  journal =      {Ubunlog},
  publisher =    {Ubunlog},
  year =         2022,
  month =        {Feb}
}
