@misc{unknown_2020,
  title =        {What is Network Administration? - it glossary},
  url =          {https://www.solarwinds.com/resources/it-glossary/network-administration},
  journal =      {SolarWinds},
  publisher =    {SolarWinds},
  author =       {unknown, unknown},
  year =         2020
}

@misc{lior_2013,
  title =        {Writing for interaction: Crafting the information experience for web and software apps},
  url =          {https://www.amazon.com/Writing-Interaction-Crafting-Information-Experience/dp/0123948134},
  journal =      {Amazon},
  publisher =    {Elsevier/Morgan Kaufmann},
  author =       {Lior, Linda Newman},
  year =         2013
}

@misc{Rouse_2017,
  title =        {Network administration},
  url =          {https://www.techopedia.com/definition/8547/network-administration},
  journal =      {Techopedia},
  author =       {Rouse, Margaret},
  year =         2017,
  month =        {Jan}
}

@misc{ADMONredes_2023,
  title =        {Administración de Redes},
  url =          {https://www.administracionderedes.com/},
  journal =      {Administración de redes},
  author =       {ADMONredes, administracionderedes},
  year =         2023,
  month =        {Jun}
}
