@misc{Marella_Parisa_2020,
  title =        {Introduction to quantum computing},
  url =          {https://www.intechopen.com/chapters/73811},
  journal =      {IntechOpen},
  publisher =    {IntechOpen},
  author =       {Marella, Surya Teja and Parisa, Hemanth Sai Kumar},
  year =         2020,
  month =        {Oct}
}

@misc{Lopez_2023,
  title =        {Quantum Computing History - Azure Quantum},
  url =
                  {https://learn.microsoft.com/en-us/azure/quantum/concepts-overview},
  journal =      {Quantum computing history - Azure Quantum |
                  Microsoft Learn},
  author =       {Lopez, Sonia},
  year =         2023,
  month =        {Jun}
}

@misc{Arute_2019,
  title =        {Quantum supremacy using a programmable
                  superconducting processor},
  url =          {https://www.nature.com/articles/s41586-019-1666-5},
  journal =      {Nature News},
  publisher =    {Nature Publishing Group},
  author =       {Arute, Frank and Arya, Kunal and Babbush, Ryan and
                  Bacon, Dave and Bardin, Joseph C. and Barends, Rami
                  and Biswas, Rupak and Boixo, Sergio and Brandao,
                  Fernando G. S. L. and Buell, David A. and et al.},
  year =         2019,
  month =        {Oct}
}

