@misc{Ruiz_2020,
  title =        {Disrupción digital: ¿Qué es y cuáles son sus
                  consecuencias?},
  url =
                  {https://ticnegocios.camaravalencia.com/servicios/tendencias/disrupcion-digital-que-es-y-cuales-son-sus-consecuencias/#:~:text=La%20disrupci%C3%B3n%20digital%20en%20las%20empresas%20se%20define,por%20el%20proceso%20de%20digitalizaci%C3%B3n%20de%20las%20compa%C3%B1%C3%ADas.},
  journal =      {Tecnología para los negocios},
  author =       {Ruiz, Abel},
  year =         2020,
  month =        {Jun}
}
