@misc{wiki:Aprendizaje_supervisado,
   author = "Wikipedia",
   title = "{Aprendizaje supervisado} --- {W}ikipedia{,} The Free Encyclopedia",
   year = "2023",
   howpublished = {\url{http://es.wikipedia.org/w/index.php?title=Aprendizaje\%20supervisado&oldid=154584234}},
   note = "[Online; accessed 20-November-2023]"
 }

