@misc{Pablinux_2019,
  title =        {CÃ³mo cambiar de nombre de usuario en linux paso a
                  Paso},
  url =
                  {https://www.linuxadictos.com/cambiar-de-nombre-de-usuario.html},
  journal =      {Linux Adictos},
  publisher =    {Linux Adictos},
  author =       {Pablinux},
  year =         2019,
  month =        {Apr}
}

@misc{0001_P,
  url =          {https://man7.org/linux/man-pages/man1/set.1p.html},
  journal =      {Set(1P) - linux manual page}
}

@misc{0002_P,
  url =
                  {https://www.man7.org/linux/man-pages/man1/printenv.1.html},
  journal =      {Printenv(1) - linux manual page}
}

@misc{Rainville_2020,
  title =        {How to set environment variables in linux},
  url =
                  {https://www.serverlab.ca/tutorials/linux/administration-linux/how-to-set-environment-variables-in-linux/},
  journal =      {Serverlab},
  author =       {Rainville, Shane},
  year =         2020,
  month =        {Sep}
}

@misc{0003_P,
  url =          {https://unix.stackexchange.com/a/193660},
  journal =      {Unix &amp; Linux Stack Exchange}
}
