@misc{Wikipedia_2023,
  url =          {https://es.wikipedia.org/wiki/Servicio_de_red},
  journal =      {Wikipedia},
  publisher =    {Wikimedia Foundation},
  year =         2023,
  month =        {Sep}
}
