@book{Jones_2009,
  place =        {Sudbury, MA},
  title =        {Artificial Intelligence: A systems approach},
  publisher =    {Jones and Bartlett},
  author =       {Jones, M. Tim},
  year =         2009
}

@misc{Biswal_2023,
  title =        {Top 18 artificial intelligence (AI) applications in
                  2023: Simplilearn},
  url =          {https://www.simplilearn.com/tutorials/artificial-intelligence-tutorial/artificial-intelligence-applications#:~:text=Usage%20of%20AI%20in%20everyday,Fraud%20detection%20systems%20in%20banking},
  journal =      {Simplilearn.com},
  publisher =    {Simplilearn},
  author =       {Biswal, Avijeet},
  year =         2023,
  month =        {Aug}
}
