@misc{barney_lutkevich_2022,
  title =        {What is network security? definition, importance and
                  types: TechTarget},
  url =
                  {https://www.techtarget.com/searchnetworking/definition/network-security},
  journal =      {Networking},
  publisher =    {TechTarget},
  author =       {Barney, Nick and Lutkevich, Ben},
  year =         2022,
  month =        {Oct}
}

@misc{Prabhu_24_2021,
  title =        {What is network security? definition, types, and
                  best practices},
  url =
                  {https://www.spiceworks.com/it-security/network-security/articles/what-is-network-security/},
  journal =      {Spiceworks},
  author =       {Prabhu, Ruth&nbsp; Dsouza and 24, Last Updated:
                  August},
  year =         2021,
  month =        {Aug}
}

@misc{Naz_2023,
  title =        {What is network security? importance, types of
                  protections},
  url =
                  {https://www.knowledgehut.com/blog/security/network-security},
  journal =      {KnowledgeHut},
  author =       {Naz, Zeshan},
  year =         2023,
  month =        {Jul}
}
