@misc{Eid_2015,
  title =        {Requirement Gathering Methods},
  url =
                  {https://www.umsl.edu/~sauterv/analysis/F2015/Requirement%20Gathering%20Methods.html.htm},
  journal =      {University of Missouri–St. Louis},
  author =       {Eid, Mamoun},
  year =         2015,
  month =        {Nov}
}

@misc{Fernandez_2007,
  title =        {Fichas para investigadores - ub.edu},
  url =
                  {https://www.ub.edu/idp/web/sites/default/files/fitxes/ficha8-cast.pdf},
  journal =      {¿Cómo se elabora un cuestionario?},
  author =       {Fernández, Lissette},
  year =         2007,
  month =        {Mar}
}

@book{olmo2002cuestionario,
  title =        {El cuestionario: un instrumento para la
                  investigaci{\'o}n en las ciencias sociales},
  author =       {Olmo, F.M.},
  isbn =         9788475844886,
  series =       {Laertes (Serie)},
  url =          {https://books.google.com.mx/books?id=K6j8AAAACAAJ},
  year =         2002,
  publisher =    {Laertes, S.A. de Eciciones}
}
