@misc{martinez_2007,
   abstract = {Martínez de la Teja, Guillermo Manuel Maestro en Ciencias en Ergonomía Ergoprojects / Sociedad de Ergonomistas de México A.C. gmmt@ergoprojects.com RESUMEN La Interacción Humano-Computadora (HCI), es el estudio de la interacción entre el ser humano, las computadoras y las tareas que se desarrollan; principalmente se enfoca a conocer cómo la gente y las computadoras pueden interactuar para llevar a cabo tareas por medio de sistemas y software. HCI es una materia que se basa en algunos aspectos relevantes de la teoría y métodos de muchas disciplinas, dentro de las cuales se incluye ciencias físicas y sociales, ingeniería y arte. Existen importantes contribuciones a la HCI que se han tomado de las ciencias de la computación, psicología, matemáticas, artes gráficas, sociología, inteligencia artificial, lingüística, filosofía, antropología y ergonomía. HCI incluye partes fundamentales de la ergonomía debido a que se preocupa por entender cómo las computadoras y el ser humano pueden interactuar para desarrollar tareas existentes y nuevas. La ergonomía en HCI se enfoca a buscar los aspectos de diseño en los sistemas computacionales para que tengan un uso más efectivo y eficiente, así como el desarrollo de principios, guías, métodos y herramientas para mejorar el diseño y desarrollo de los sistemas interactivos computacionales. Palabras clave Interacción humano-computadora, diseño centrado en el usuario INTERACCIÓN HUMANO-COMPUTADORARODUCCIÓN Se considera que hay cuatro componentes principales en un sistema hombre-computadora: • El usuario • El sistema de computadora • La tarea • El ambiente},
   author = {Guillermo Manuel Martínez de la Teja},
   title = {Ergonomía e interfases de interacción humano-computadora},
   url = {http://www.semac.org.mx/archivos/9-6.pdf},
   year = {2007},
}
@misc{narciso_valero_2008,
   author = {Flor Narciso and Gustavo Valero},
   title = {Formalización del modelo para el diseño de la interacción humano-computadora (modihc)},
   year = {2008},
}
