@misc{wiki:Logistic_regression,
   author = "Wikipedia",
   title = "{Logistic regression} --- {W}ikipedia{,} The Free Encyclopedia",
   year = "2023",
   howpublished = {\url{http://en.wikipedia.org/w/index.php?title=Logistic\%20regression&oldid=1186664747}},
   note = "[Online; accessed 25-November-2023]"
 }

@misc{wiki:Logistic_function,
   author = "Wikipedia",
   title = "{Logistic function} --- {W}ikipedia{,} The Free Encyclopedia",
   year = "2023",
   howpublished = {\url{http://en.wikipedia.org/w/index.php?title=Logistic\%20function&oldid=1183641029}},
   note = "[Online; accessed 25-November-2023]"
 }

@misc{wiki:Elastic_net_regularization,
   author = "Wikipedia",
   title = "{Elastic net regularization} --- {W}ikipedia{,} The Free Encyclopedia",
   year = "2023",
   howpublished = {\url{http://en.wikipedia.org/w/index.php?title=Elastic\%20net\%20regularization&oldid=1136316710}},
   note = "[Online; accessed 26-November-2023]"
 }

@misc{wiki:LASSO_estadística,
   author = "Wikipedia",
   title = "{LASSO (estadística)} --- {W}ikipedia{,} The Free Encyclopedia",
   year = "2023",
   howpublished = {\url{http://es.wikipedia.org/w/index.php?title=LASSO\%20(estad\%C3\%ADstica)&oldid=149146855}},
   note = "[Online; accessed 26-November-2023]"
 }