@misc{sort,
  url =          {https://man7.org/linux/man-pages/man1/sort.1.html},
  title =        {sort(1) - Linux manual page}
}

@misc{man7,
  url =          {https://man7.org/linux/man-pages/man1/grep.1.html},
  title =      {grep(1) â€” Linux manual page}
}
