@misc{gonzales_2003,
  title =        {Arquitectura de la Información: Diseño e
                  implementación},
  url =          {http://eprints.rclis.org/8471/1/Arquitectura.pdf},
  journal =      {eprints},
  author =       {Gonzales, Celso},
  year =         2003,
  month =        {Aug}
}

@misc{ovacen_2022,
  title =        {Interfaz de usuario: Qué es y cómo diseñar Una ui},
  url =          {https://ovacen.com/diseno-interfaz-usuario-ui/},
  journal =      {OVACEN},
  publisher =    {OVACEN},
  author =       {Ovacen, Pablo Seguí},
  year =         2022,
  month =        {Dec}
}

@book{drachen2018games,
  title =        {Games user research},
  author =       {Drachen, Anders and Mirza-Babaei, Pejman and Nacke,
                  Lennart E},
  url =          {https://shorturl.at/kBJSY},
  year =         2018,
  publisher =    {Oxford University Press}
}

@misc{Ortega_2020,
  title =        {Investigación de Experiencia de Usuario. qué es y
                  cómo realizarla},
  url =
                  {https://www.questionpro.com/blog/es/investigacion-de-experiencia-de-usuario/},
  journal =      {QuestionPro},
  author =       {Ortega, Cristina},
  year =         2020,
  month =        {Dec}
}

@misc{Alli_2022,
  title =        {6 stages of Ui Design and what’s involved},
  url =
                  {https://designerup.co/blog/6-stages-of-ui-design-and-whats-involved/},
  journal =      {DesignerUp},
  publisher =    {DesignerUp},
  author =       {Alli, Elizabeth},
  year =         2022,
  month =        {Nov}
}

@misc{Yépez_2021,
  title =        {¿Qué son los Estudios de usuarios? ¿Cuáles son sus
                  objetivos?},
  url =          {https://shorturl.at/btKTY},
  journal =      {DkX Network},
  author =       {Yépez, Lcda. Waldylei},
  year =         2021,
  month =        {Aug}
}

@book{Rosenfeld_Morville_2002,
  place =        {Sebastopol},
  title =        {Information Architecture for the world wide web},
  publisher =    {O’Reilly},
  author =       {Rosenfeld, Louis and Morville, Peter},
  year =         2002
}
