@misc{Wikipedia_2023,
  url =          {https://es.wikipedia.org/wiki/L%C3%B3gica_de_primer_orden},
  journal =      {Wikipedia},
  publisher =    {Wikimedia Foundation},
  year =         2023,
  month =        {Aug}
}
