@misc{Narvaez_2023,
  title =        {¿Qué son las pruebas con usuarios O test
                  conusuarios?},
  url =          {https://www.questionpro.com/blog/es/pruebas-con-usuarios-o-test-con-usuarios/},
  journal =      {QuestionPro},
  publisher =    {QuestionPro},
  author =       {Narvaez, Marytere},
  year =         2023,
  month =        {Feb}
}

@misc{Abizanda_2023,
  title =        {Test de usuarios: Qué es y pasos a llevar a Cabo},
  url =          {https://www.hiberus.com/crecemos-contigo/test-con-usuarios-que-es-pasos/},
  journal =      {Blog de Hiberus Tecnología},
  author =       {Abizanda, Veronica},
  year =         2023,
  month =        {Aug}
}
